@ARTICLE{SJMV,
   author = {{Schlegel}, E.~M. and {Jones}, C. and {Machacek}, M. and {Vega}, L.~D.
	},
    title = "{NGC 5195 in M51: Feedback 'Burps' after a Massive Meal?}",
  journal = {\apj},
archivePrefix = "arXiv",
   eprint = {1603.04294},
 keywords = {galaxies: active, galaxies: evolution, galaxies: individual:: NGC 5195, M51, X-rays: galaxies},
     year = 2016,
    month = jun,
   volume = 823,
      eid = {75},
    pages = {75},
      doi = {10.3847/0004-637X/823/2/75},
   adsurl = {http://adsabs.harvard.edu/abs/2016ApJ...823...75S},
  adsnote = {Provided by the SAO/NASA Astrophysics Data System}
}


@ARTICLE{SL2000,
   author = {{Salo}, H. and {Laurikainen}, E.},
    title = "{N-body model for M51 - I. Multiple encounter versus single passage?}",
  journal = {\mnras},
 keywords = {GALAXIES: INDIVIDUAL: M51, GALAXIES: INTERACTIONS, GALAXIES: KINEMATICS AND DYNAMICS, GALAXIES: SPIRAL, GALAXIES: STRUCTURE},
     year = 2000,
    month = dec,
   volume = 319,
    pages = {377-392},
      doi = {10.1046/j.1365-8711.2000.03650.x},
   adsurl = {http://adsabs.harvard.edu/abs/2000MNRAS.319..377S},
  adsnote = {Provided by the SAO/NASA Astrophysics Data System}
}

@ARTICLE{Galloetal05,
   author = {{Gallo}, E. and {Fender}, R. and {Kaiser}, C. and {Russell}, D. and 
	{Morganti}, R. and {Oosterloo}, T. and {Heinz}, S.},
    title = "{A dark jet dominates the power output of the stellar black hole Cygnus X-1}",
  journal = {\nat},
   eprint = {astro-ph/0508228},
     year = 2005,
    month = aug,
   volume = 436,
    pages = {819-821},
      doi = {10.1038/nature03879},
   adsurl = {http://adsabs.harvard.edu/abs/2005Natur.436..819G},
  adsnote = {Provided by the SAO/NASA Astrophysics Data System}
}

@ARTICLE{Soriaetal10,
   author = {{Soria}, R. and {Pakull}, M.~W. and {Broderick}, J.~W. and {Corbel}, S. and 
	{Motch}, C.},
    title = "{Radio lobes and X-ray hotspots in the microquasar S26}",
  journal = {\mnras},
archivePrefix = "arXiv",
   eprint = {1008.0394},
 primaryClass = "astro-ph.HE",
 keywords = {black hole physics, ISM: bubbles, ISM: jets and outflows, galaxies: individual: NGC7793, radio continuum: ISM, X-rays: binaries},
     year = 2010,
    month = dec,
   volume = 409,
    pages = {541-551},
      doi = {10.1111/j.1365-2966.2010.17360.x},
   adsurl = {http://adsabs.harvard.edu/abs/2010MNRAS.409..541S},
  adsnote = {Provided by the SAO/NASA Astrophysics Data System}
}

@ARTICLE{GAB11,
   author = {{Goodall}, P.~T. and {Alouani-Bibi}, F. and {Blundell}, K.~M.
	},
    title = "{When microquasar jets and supernova collide: hydrodynamically simulating the SS 433-W 50 interaction}",
  journal = {\mnras},
archivePrefix = "arXiv",
   eprint = {1101.3486},
 primaryClass = "astro-ph.SR",
 keywords = {hydrodynamics, ISM: jets and outflows, ISM: kinematics and dynamics, ISM: supernova remnants, X-rays: binaries},
     year = 2011,
    month = jul,
   volume = 414,
    pages = {2838-2859},
      doi = {10.1111/j.1365-2966.2011.18388.x},
   adsurl = {http://adsabs.harvard.edu/abs/2011MNRAS.414.2838G},
  adsnote = {Provided by the SAO/NASA Astrophysics Data System}
}

@ARTICLE{Rampadarathetal15,
   author = {{Rampadarath}, H. and {Morgan}, J.~S. and {Soria}, R. and {Tingay}, S.~J. and 	{Reynolds}, C. and {Argo}, M.~K. and {Dumas}, G.},
    title = "{A high-resolution wide-field radio survey of M51}",
  journal = {\mnras},
archivePrefix = "arXiv",
   eprint = {1506.01870},
 keywords = {instrumentation: interferometers, galaxies: individual: (M51), galaxies: Seyfert, radio continuum: general, X-rays: general},
     year = 2015,
    month = sep,
   volume = 452,
    pages = {32-53},
      doi = {10.1093/mnras/stv1275},
   adsurl = {http://adsabs.harvard.edu/abs/2015MNRAS.452...32R},
  adsnote = {Provided by the SAO/NASA Astrophysics Data System}
}

@ARTICLE{F12,
   author = {{Fabian}, A.~C.},
    title = "{Observational Evidence of Active Galactic Nuclei Feedback}",
  journal = {\araa},
archivePrefix = "arXiv",
   eprint = {1204.4114},
     year = 2012,
    month = sep,
   volume = 50,
    pages = {455-489},
      doi = {10.1146/annurev-astro-081811-125521},
   adsurl = {http://adsabs.harvard.edu/abs/2012ARA%26A..50..455F},
  adsnote = {Provided by the SAO/NASA Astrophysics Data System}
}



@MISC{Argo2014,
   author = {{Argo}, M.K.},
    title = "{e-MERLIN data reduction pipeline}",
 keywords = {Software},
howpublished = {Astrophysics Source Code Library},
     year = 2014,
    month = jul,
archivePrefix = "ascl",
   eprint = {1407.017},
   adsurl = {http://adsabs.harvard.edu/abs/2014ascl.soft07017A},
  adsnote = {Provided by the SAO/NASA Astrophysics Data System}
}


@INPROCEEDINGS{lemmings2014,
   author = {{Beswick}, R. and {Argo}, M.~K. and {et al}},
    title = "{LeMMINGs e-MERLIN survey of nearby galaxies}",
booktitle = {Proceedings of the 12th European VLBI Network Symposium and Users Meeting (EVN 2014). 7-10 October 2014. Cagliari, Italy. Online at http://pos.sissa.it/cgi-bin/reader/conf.cgi?confid=230},
     year = 2014,
      eid = {10},
    pages = {10},
   adsurl = {http://adsabs.harvard.edu/abs/2014evn..confE..10B},
  adsnote = {Provided by the SAO/NASA Astrophysics Data System}
}


@INPROCEEDINGS{casa2007,
   author = {{McMullin}, J.~P. and {Waters}, B. and {Schiebel}, D. and {Young}, W. and 
	{Golap}, K.},
    title = "{CASA Architecture and Applications}",
booktitle = {Astronomical Data Analysis Software and Systems XVI},
     year = 2007,
   series = {Astronomical Society of the Pacific Conference Series},
   volume = 376,
   editor = {{Shaw}, R.~A. and {Hill}, F. and {Bell}, D.~J.},
    month = oct,
    pages = {127},
   adsurl = {http://adsabs.harvard.edu/abs/2007ASPC..376..127M},
  adsnote = {Provided by the SAO/NASA Astrophysics Data System}
}


@ARTICLE{Dumasetal2011,
   author = {{Dumas}, G. and {Schinnerer}, E. and {Tabatabaei}, F.~S. and 
	{Beck}, R. and {Velusamy}, T. and {Murphy}, E.},
    title = "{The Local Radio-IR Relation in M51}",
  journal = {\aj},
archivePrefix = "arXiv",
   eprint = {1012.0212},
 keywords = {galaxies: individual: M51a NGC5194, galaxies: ISM, infrared: galaxies, radio continuum: galaxies},
     year = 2011,
    month = feb,
   volume = 141,
      eid = {41},
    pages = {41},
      doi = {10.1088/0004-6256/141/2/41},
   adsurl = {http://adsabs.harvard.edu/abs/2011AJ....141...41D},
  adsnote = {Provided by the SAO/NASA Astrophysics Data System}
}


@INPROCEEDINGS{wproj,
   author = {{Cornwell}, T.~J. and {Golap}, K. and {Bhatnagar}, S.},
    title = "{W Projection: A New Algorithm for Wide Field Imaging with Radio Synthesis Arrays}",
booktitle = {Astronomical Data Analysis Software and Systems XIV},
     year = 2005,
   series = {Astronomical Society of the Pacific Conference Series},
   volume = 347,
   editor = {{Shopbell}, P. and {Britton}, M. and {Ebert}, R.},
    month = dec,
    pages = {86},
   adsurl = {http://adsabs.harvard.edu/abs/2005ASPC..347...86C},
  adsnote = {Provided by the SAO/NASA Astrophysics Data System}
}

@ARTICLE{GP09,
   author = {{Giroletti}, M. and {Panessa}, F.},
    title = "{The Faintest Seyfert Radio Cores Revealed by VLBI}",
  journal = {\apjl},
archivePrefix = "arXiv",
   eprint = {0910.5821},
 keywords = {galaxies: active, galaxies: Seyfert, radio continuum: galaxies},
     year = 2009,
    month = dec,
   volume = 706,
    pages = {L260-L264},
      doi = {10.1088/0004-637X/706/2/L260},
   adsurl = {http://adsabs.harvard.edu/abs/2009ApJ...706L.260G},
  adsnote = {Provided by the SAO/NASA Astrophysics Data System}
}
@ARTICLE{RC2011,
   author = {{Rau}, U. and {Cornwell}, T.~J.},
    title = "{A multi-scale multi-frequency deconvolution algorithm for synthesis imaging in radio interferometry}",
  journal = {\aap},
archivePrefix = "arXiv",
   eprint = {1106.2745},
 primaryClass = "astro-ph.IM",
 keywords = {techniques: interferometric, techniques: image processing, methods: numerical, radio continuum: general},
     year = 2011,
    month = aug,
   volume = 532,
      eid = {A71},
    pages = {A71},
      doi = {10.1051/0004-6361/201117104},
   adsurl = {http://adsabs.harvard.edu/abs/2011A%26A...532A..71R},
  adsnote = {Provided by the SAO/NASA Astrophysics Data System}
}

@INPROCEEDINGS{McMullin+07,
   author = {{McMullin}, J.~P. and {Waters}, B. and {Schiebel}, D. and {Young}, W. and 
	{Golap}, K.},
    title = "{CASA Architecture and Applications}",
booktitle = {Astronomical Data Analysis Software and Systems XVI},
     year = 2007,
   series = {Astronomical Society of the Pacific Conference Series},
   volume = 376,
   editor = {{Shaw}, R.~A. and {Hill}, F. and {Bell}, D.~J.},
    month = oct,
    pages = {127},
   adsurl = {http://adsabs.harvard.edu/abs/2007ASPC..376..127M},
  adsnote = {Provided by the SAO/NASA Astrophysics Data System}
}

@ARTICLE{Vinkoetal12,
   author = {{Vink{\'o}}, J. and {Tak{\'a}ts}, K. and {Szalai}, T. and {Marion}, G.~H. and 
	{Wheeler}, J.~C. and {S{\'a}rneczky}, K. and {Garnavich}, P.~M. and 
	{Kelemen}, J. and {Klagyivik}, P. and {P{\'a}l}, A. and {Szalai}, N. and 
	{Vida}, K.},
    title = "{Improved distance determination to M 51 from supernovae 2011dh and 2005cs}",
  journal = {\aap},
archivePrefix = "arXiv",
   eprint = {1111.0596},
 keywords = {supernovae: individual: 2011dh, supernovae: individual: 2005cs, galaxies: individual: M 51, galaxies: distances and redshifts},
     year = 2012,
    month = apr,
   volume = 540,
      eid = {A93},
    pages = {A93},
      doi = {10.1051/0004-6361/201118364},
   adsurl = {http://adsabs.harvard.edu/abs/2012A%26A...540A..93V},
  adsnote = {Provided by the SAO/NASA Astrophysics Data System}
}


@ARTICLE{Listeretal13,
   author = {{Lister}, M.~L. and {Aller}, M.~F. and {Aller}, H.~D. and {Homan}, D.~C. and 
	{Kellermann}, K.~I. and {Kovalev}, Y.~Y. and {Pushkarev}, A.~B. and 
	{Richards}, J.~L. and {Ros}, E. and {Savolainen}, T.},
    title = "{MOJAVE. X. Parsec-scale Jet Orientation Variations and Superluminal Motion in Active Galactic Nuclei}",
  journal = {\aj},
archivePrefix = "arXiv",
   eprint = {1308.2713},
 primaryClass = "astro-ph.CO",
 keywords = {BL Lacertae objects: general, galaxies: active, galaxies: jets, quasars: general, radio continuum: galaxies},
     year = 2013,
    month = nov,
   volume = 146,
      eid = {120},
    pages = {120},
      doi = {10.1088/0004-6256/146/5/120},
   adsurl = {http://adsabs.harvard.edu/abs/2013AJ....146..120L},
  adsnote = {Provided by the SAO/NASA Astrophysics Data System}
}

@ARTICLE{Mulcahyetal2014,
   author = {{Mulcahy}, D.~D. and {Horneffer}, A. and {Beck}, R. and {et al}.
	},
    title = "{The nature of the low-frequency emission of M 51. First observations of a nearby galaxy with LOFAR}",
  journal = {\aap},
archivePrefix = "arXiv",
   eprint = {1407.1312},
 keywords = {polarization, cosmic rays, galaxies: ISM, galaxies: magnetic fields, radio continuum: galaxies},
     year = 2014,
    month = aug,
   volume = 568,
      eid = {A74},
    pages = {A74},
      doi = {10.1051/0004-6361/201424187},
   adsurl = {http://adsabs.harvard.edu/abs/2014A%26A...568A..74M},
  adsnote = {Provided by the SAO/NASA Astrophysics Data System}
}

@ARTICLE{Mulcahyetal2016,
   author = {{Mulcahy}, D.~D. and {Fletcher}, A. and {Beck}, R. and {Mitra}, D. and 
	{Scaife}, A.~M.~M.},
    title = "{Modelling the cosmic ray electron propagation in M 51}",
  journal = {\aap},
archivePrefix = "arXiv",
   eprint = {1605.01406},
 keywords = {cosmic rays, galaxies: individual: M 51, galaxies: ISM, galaxies: magnetic fields, polarization, radio continuum: galaxies},
     year = 2016,
    month = aug,
   volume = 592,
      eid = {A123},
    pages = {A123},
      doi = {10.1051/0004-6361/201628446},
   adsurl = {http://adsabs.harvard.edu/abs/2016A%26A...592A.123M},
  adsnote = {Provided by the SAO/NASA Astrophysics Data System}
}
@ARTICLE{Laing80,
   author = {{Laing}, R.~A.},
    title = "{A model for the magnetic-field structure in extended radio sources}",
  journal = {\mnras},
 keywords = {Astronomical Models, Magnetic Field Configurations, Radio Sources (Astronomy), Crab Nebula, Extragalactic Radio Sources, Polarization Characteristics},
     year = 1980,
    month = nov,
   volume = 193,
    pages = {439-449},
      doi = {10.1093/mnras/193.3.439},
   adsurl = {http://adsabs.harvard.edu/abs/1980MNRAS.193..439L},
  adsnote = {Provided by the SAO/NASA Astrophysics Data System}
}

@INPROCEEDINGS{Wardle2013,
   author = {{Wardle}, J.~F.~C.},
    title = "{Magnetic fields and polarization in AGN jets}",
booktitle = {European Physical Journal Web of Conferences},
     year = 2013,
   series = {European Physical Journal Web of Conferences},
   volume = 61,
    month = dec,
      eid = {06001},
    pages = {06001},
      doi = {10.1051/epjconf/20136106001},
   adsurl = {http://adsabs.harvard.edu/abs/2013EPJWC..6106001W},
  adsnote = {Provided by the SAO/NASA Astrophysics Data System}
}

@ARTICLE{Hughes2005,
   author = {{Hughes}, P.~A.},
    title = "{The Origin of Complex Behavior of Linearly Polarized Components in Parsec-Scale Jets}",
  journal = {\apj},
   eprint = {astro-ph/0411725},
 keywords = {Galaxies: Jets, Hydrodynamics, Magnetic Fields, Polarization, Relativity, Shock Waves},
     year = 2005,
    month = mar,
   volume = 621,
    pages = {635-642},
      doi = {10.1086/427742},
   adsurl = {http://adsabs.harvard.edu/abs/2005ApJ...621..635H},
  adsnote = {Provided by the SAO/NASA Astrophysics Data System}
}
@ARTICLE{Hughesetal2011,
   author = {{Hughes}, P.~A. and {Aller}, M.~F. and {Aller}, H.~D.},
    title = "{Oblique Shocks as the Origin of Radio to Gamma-ray Variability in Active Galactic Nuclei}",
  journal = {\apj},
archivePrefix = "arXiv",
   eprint = {1104.4256},
 primaryClass = "astro-ph.HE",
 keywords = {galaxies: jets, magnetic fields, polarization, radiation mechanisms: non-thermal, shock waves},
     year = 2011,
    month = jul,
   volume = 735,
      eid = {81},
    pages = {81},
      doi = {10.1088/0004-637X/735/2/81},
   adsurl = {http://adsabs.harvard.edu/abs/2011ApJ...735...81H},
  adsnote = {Provided by the SAO/NASA Astrophysics Data System}
}
@ARTICLE{CPDL91,
   author = {{Carilli}, C.~L. and {Perley}, R.~A. and {Dreher}, J.~W. and 
	{Leahy}, J.~P.},
    title = "{Multifrequency radio observations of Cygnus A - Spectral aging in powerful radio galaxies}",
  journal = {\apj},
 keywords = {Galactic Evolution, Radio Astronomy, Radio Galaxies, Radio Jets (Astronomy), Astronomical Models, Cygnus Constellation, Emission Spectra, Particle Acceleration, Radio Spectra, Synchrotron Radiation},
     year = 1991,
    month = dec,
   volume = 383,
    pages = {554-573},
      doi = {10.1086/170813},
   adsurl = {http://adsabs.harvard.edu/abs/1991ApJ...383..554C},
  adsnote = {Provided by the SAO/NASA Astrophysics Data System}
}
@ARTICLE{OO87,
   author = {{O'Dea}, C.~P. and {Owen}, F.~N.},
    title = "{Astrophysical implications of the multifrequency VLA observations of NGC 1265}",
  journal = {\apj},
 keywords = {Galactic Radio Waves, Radio Jets (Astronomy), Very Large Array (Vla), Astronomical Models, Energy Transfer, Galactic Structure, High Energy Electrons, Interstellar Magnetic Fields, Relativistic Particles},
     year = 1987,
    month = may,
   volume = 316,
    pages = {95-112},
      doi = {10.1086/165182},
   adsurl = {http://adsabs.harvard.edu/abs/1987ApJ...316...95O},
  adsnote = {Provided by the SAO/NASA Astrophysics Data System}
}

@BOOK{RC3,
   author = {{de Vaucouleurs}, G. and {de Vaucouleurs}, A. and {Corwin}, Jr., H.~G. and 
	{Buta}, R.~J. and {Paturel}, G. and {Fouqu{\'e}}, P.},
    title = "{Third Reference Catalogue of Bright Galaxies. Volume I: Explanations and references. Volume II: Data for galaxies between 0$^{h}$ and 12$^{h}$. Volume III: Data for galaxies between 12$^{h}$ and 24$^{h}$.}",
booktitle = {Third Reference Catalogue of Bright Galaxies.~Volume I: Explanations and references.~ Volume II: Data for galaxies between 0$^{h}$ and 12$^{h}$.~ Volume III: Data for galaxies between 12$^{h}$ and 24$^{h}$., by de Vaucouleurs, G.; de Vaucouleurs, A.; Corwin, H.~G., Jr.; Buta, R.~J.; Paturel, G.; Fouqu{\'e}, P..~Springer, New York, NY (USA), 1991, 2091 p., ISBN 0-387-97552-7, Price US$ 198.00. ISBN 3-540-97552-7, Price DM 448.00. ISBN 0-387-97549-7 (Vol. I), ISBN 0-387-97550-0 (Vol. II), ISBN 0-387-97551-9 (Vol. III).},
     year = 1991,
   adsurl = {http://adsabs.harvard.edu/abs/1991rc3..book.....D},
  adsnote = {Provided by the SAO/NASA Astrophysics Data System}
}

@ARTICLE{SW90,
   author = {{Siah}, M.~J. and {Wiita}, P.~J.},
    title = "{Synchrotron aging in radio sources. I - Spatial variations in radio lobes}",
  journal = {\apj},
 keywords = {Galactic Evolution, Galactic Structure, Radio Sources (Astronomy), Synchrotron Radiation, Interstellar Magnetic Fields, Luminosity, Radio Emission},
     year = 1990,
    month = nov,
   volume = 363,
    pages = {411-414},
      doi = {10.1086/169353},
   adsurl = {http://adsabs.harvard.edu/abs/1990ApJ...363..411S},
  adsnote = {Provided by the SAO/NASA Astrophysics Data System}
}


@ARTICLE{Kordingetal2006a,
   author = {{K{\"o}rding}, E.~G. and {Fender}, R.~P. and {Migliari}, S.},
    title = "{Jet-dominated advective systems: radio and X-ray luminosity dependence on the accretion rate}",
  journal = {\mnras},
   eprint = {astro-ph/0603731},
 keywords = {accretion, accretion discs: black hole physics: ISM: jets and outflows: X-rays: binaries, accretion discs, black hole physics, ISM: jets and outflows, X-rays: binaries},
     year = 2006,
    month = jul,
   volume = 369,
    pages = {1451-1458},
      doi = {10.1111/j.1365-2966.2006.10383.x},
   adsurl = {http://adsabs.harvard.edu/abs/2006MNRAS.369.1451K},
  adsnote = {Provided by the SAO/NASA Astrophysics Data System}
}

@ARTICLE{Kordingetal2006b,
   author = {{K{\"o}rding}, E. and {Falcke}, H. and {Corbel}, S.},
    title = "{Refining the fundamental plane of accreting black holes}",
  journal = {\aap},
   eprint = {astro-ph/0603117},
 keywords = {X-rays: binaries, galaxies: active, radiation mechanisms: non-thermal, stars: winds, outflows, black hole physics, accretion, accretion disks},
     year = 2006,
    month = sep,
   volume = 456,
    pages = {439-450},
      doi = {10.1051/0004-6361:20054144},
   adsurl = {http://adsabs.harvard.edu/abs/2006A%26A...456..439K},
  adsnote = {Provided by the SAO/NASA Astrophysics Data System}
}

@ARTICLE{Kordingetal2006c,
   author = {{K{\"o}rding}, E.~G. and {Jester}, S. and {Fender}, R.},
    title = "{Accretion states and radio loudness in active galactic nuclei: analogies with X-ray binaries}",
  journal = {\mnras},
   eprint = {astro-ph/0608628},
 keywords = {accretion, accretion discs, black hole physics, ISM: jets and outflows, galaxies: active, quasars: general, X-rays: binaries},
     year = 2006,
    month = nov,
   volume = 372,
    pages = {1366-1378},
      doi = {10.1111/j.1365-2966.2006.10954.x},
   adsurl = {http://adsabs.harvard.edu/abs/2006MNRAS.372.1366K},
  adsnote = {Provided by the SAO/NASA Astrophysics Data System}
}

@ARTICLE{HG05,
   author = {{Heinz}, S. and {Grimm}, H.~J.},
    title = "{Estimating the Kinetic Luminosity Function of Jets from Galactic X-Ray Binaries}",
  journal = {\apj},
   eprint = {astro-ph/0508277},
 keywords = {X-Rays: Binaries},
     year = 2005,
    month = nov,
   volume = 633,
    pages = {384-391},
      doi = {10.1086/452624},
   adsurl = {http://adsabs.harvard.edu/abs/2005ApJ...633..384H},
  adsnote = {Provided by the SAO/NASA Astrophysics Data System}
}
@ARTICLE{Soria+2014,
   author = {{Soria}, R. and {Long}, K.~S. and {Blair}, W.~P. and {Godfrey}, L. and 
	{Kuntz}, K.~D. and {Lenc}, E. and {Stockdale}, C. and {Winkler}, P.~F.
	},
    title = "{Super-Eddington Mechanical Power of an Accreting Black Hole in M83}",
  journal = {Science},
     year = 2014,
    month = mar,
   volume = 343,
    pages = {1330-1333},
      doi = {10.1126/science.1248759},
   adsurl = {http://adsabs.harvard.edu/abs/2014Sci...343.1330S},
  adsnote = {Provided by the SAO/NASA Astrophysics Data System}
}
@ARTICLE{Dopita+2010,
   author = {{Dopita}, M.~A. and {Blair}, W.~P. and {Long}, K.~S. and {Mutchler}, M. and {et al}.},
    title = "{Supernova Remnants and the Interstellar Medium of M83: Imaging and Photometry with the Wide Field Camera 3 on the Hubble Space Telescope}",
  journal = {\apj},
 keywords = {galaxies: ISM, galaxies: starburst, galaxies: structure, ISM: structure, ISM: supernova remnants, supernovae: general},
     year = 2010,
    month = feb,
   volume = 710,
    pages = {964-978},
      doi = {10.1088/0004-637X/710/2/964},
   adsurl = {http://adsabs.harvard.edu/abs/2010ApJ...710..964D},
  adsnote = {Provided by the SAO/NASA Astrophysics Data System}
}

@ARTICLE{Pakull+2010,
   author = {{Pakull}, M.~W. and {Soria}, R. and {Motch}, C.},
    title = "{A 300-parsec-long jet-inflated bubble around a powerful microquasar in the galaxy NGC 7793}",
  journal = {\nat},
     year = 2010,
    month = jul,
   volume = 466,
    pages = {209-212},
      doi = {10.1038/nature09168},
   adsurl = {http://adsabs.harvard.edu/abs/2010Natur.466..209P},
  adsnote = {Provided by the SAO/NASA Astrophysics Data System}
}
@ARTICLE{Weaver+1977,
   author = {{Weaver}, R. and {McCray}, R. and {Castor}, J. and {Shapiro}, P. and 
	{Moore}, R.},
    title = "{Interstellar bubbles. II - Structure and evolution}",
  journal = {\apj},
 keywords = {Interstellar Gas, Plasma Interactions, Stellar Winds, Adiabatic Flow, Bubbles, Conductive Heat Transfer, Early Stars, Energy Dissipation, Hydrodynamics, Ion Density (Concentration), Radiative Transfer, Stellar Motions},
     year = 1977,
    month = dec,
   volume = 218,
    pages = {377-395},
      doi = {10.1086/155692},
   adsurl = {http://adsabs.harvard.edu/abs/1977ApJ...218..377W},
  adsnote = {Provided by the SAO/NASA Astrophysics Data System}
}

@ARTICLE{Siriannietal2005,
   author = {{Sirianni}, M. and {Jee}, M.~J. and {Ben{\'{\i}}tez}, N. and 
	{Blakeslee}, J.~P. and {Martel}, A.~R. and {Meurer}, G. and 
	{Clampin}, M. and {De Marchi}, G. and {Ford}, H.~C. and {Gilliland}, R. and 
	{Hartig}, G.~F. and {Illingworth}, G.~D. and {Mack}, J. and 
	{McCann}, W.~J.},
    title = "{The Photometric Performance and Calibration of the Hubble Space Telescope Advanced Camera for Surveys}",
  journal = {\pasp},
   eprint = {astro-ph/0507614},
 keywords = {Instrumentation: Detectors, Instrumentation: Photometers, Techniques: Photometric, Methods: Data Analysis},
     year = 2005,
    month = oct,
   volume = 117,
    pages = {1049-1112},
      doi = {10.1086/444553},
   adsurl = {http://adsabs.harvard.edu/abs/2005PASP..117.1049S},
  adsnote = {Provided by the SAO/NASA Astrophysics Data System}
}
@ARTICLE{Hoopes-Walterbos,
   author = {{Hoopes}, C.~G. and {Walterbos}, R.~A.~M.},
    title = "{Optical Spectroscopy and Ionization Models of the Diffuse Ionized Gas in M33, M51/NGC 5195, and M81}",
  journal = {\apj},
 keywords = {Galaxies: Individual: Messier Number: M33, Galaxies: Individual: Messier Number: M51, Galaxies: Individual: Messier Number: M81, Galaxies: Individual: NGC Number: NGC 5195, Galaxies: ISM, Galaxies: Spiral, ISM: Bubbles, ISM: Structure},
     year = 2003,
    month = apr,
   volume = 586,
    pages = {902-922},
      doi = {10.1086/367954},
   adsurl = {http://adsabs.harvard.edu/abs/2003ApJ...586..902H},
  adsnote = {Provided by the SAO/NASA Astrophysics Data System}
}

@ARTICLE{KormendyHo2013,
   author = {{Kormendy}, J. and {Ho}, L.~C.},
    title = "{Coevolution (Or Not) of Supermassive Black Holes and Host Galaxies}",
  journal = {\araa},
archivePrefix = "arXiv",
   eprint = {1304.7762},
     year = 2013,
    month = aug,
   volume = 51,
    pages = {511-653},
      doi = {10.1146/annurev-astro-082708-101811},
   adsurl = {http://adsabs.harvard.edu/abs/2013ARA%26A..51..511K},
  adsnote = {Provided by the SAO/NASA Astrophysics Data System}
}

@ARTICLE{Cavagnolo+2011,
   author = {{Cavagnolo}, K.~W. and {McNamara}, B.~R. and {Wise}, M.~W. and 
	{Nulsen}, P.~E.~J. and {Br{\"u}ggen}, M. and {Gitti}, M. and 
	{Rafferty}, D.~A.},
    title = "{A Powerful AGN Outburst in RBS 797}",
  journal = {\apj},
archivePrefix = "arXiv",
   eprint = {1103.0630},
 keywords = {galaxies: active, galaxies: clusters: general, galaxies: clusters: intracluster medium, X-rays: galaxies: clusters},
     year = 2011,
    month = may,
   volume = 732,
      eid = {71},
    pages = {71},
      doi = {10.1088/0004-637X/732/2/71},
   adsurl = {http://adsabs.harvard.edu/abs/2011ApJ...732...71C},
  adsnote = {Provided by the SAO/NASA Astrophysics Data System}
}

@ARTICLE{Randall+2011,
   author = {{Randall}, S.~W. and {Forman}, W.~R. and {Giacintucci}, S. and 
	{Nulsen}, P.~E.~J. and {Sun}, M. and {Jones}, C. and {Churazov}, E. and 
	{David}, L.~P. and {Kraft}, R. and {Donahue}, M. and {Blanton}, E.~L. and 
	{Simionescu}, A. and {Werner}, N.},
    title = "{Shocks and Cavities from Multiple Outbursts in the Galaxy Group NGC 5813: A Window to Active Galactic Nucleus Feedback}",
  journal = {\apj},
archivePrefix = "arXiv",
   eprint = {1006.4379},
 keywords = {galaxies: active, galaxies: clusters: general, galaxies: groups: individual: NGC 5813, galaxies: individual: NGC 5813, X-rays: galaxies},
     year = 2011,
    month = jan,
   volume = 726,
      eid = {86},
    pages = {86},
      doi = {10.1088/0004-637X/726/2/86},
   adsurl = {http://adsabs.harvard.edu/abs/2011ApJ...726...86R},
  adsnote = {Provided by the SAO/NASA Astrophysics Data System}
}

@ARTICLE{Blanton+2011,
   author = {{Blanton}, E.~L. and {Randall}, S.~W. and {Clarke}, T.~E. and 
	{Sarazin}, C.~L. and {McNamara}, B.~R. and {Douglass}, E.~M. and 
	{McDonald}, M.},
    title = "{A Very Deep Chandra Observation of A2052: Bubbles, Shocks, and Sloshing}",
  journal = {\apj},
archivePrefix = "arXiv",
   eprint = {1105.4572},
 keywords = {galaxies: active, galaxies: clusters: general, galaxies: clusters: individual: A2052, galaxies: clusters: intracluster medium, radio continuum: galaxies, X-rays: galaxies: clusters},
     year = 2011,
    month = aug,
   volume = 737,
      eid = {99},
    pages = {99},
      doi = {10.1088/0004-637X/737/2/99},
   adsurl = {http://adsabs.harvard.edu/abs/2011ApJ...737...99B},
  adsnote = {Provided by the SAO/NASA Astrophysics Data System}
}

@ARTICLE{David+2011,
   author = {{David}, L.~P. and {O'Sullivan}, E. and {Jones}, C. and {Giacintucci}, S. and 
	{Vrtilek}, J. and {Raychaudhury}, S. and {Nulsen}, P.~E.~J. and 
	{Forman}, W. and {Sun}, M. and {Donahue}, M.},
    title = "{Active-galactic-nucleus-driven Weather and Multiphase Gas in the Core of the NGC 5044 Galaxy Group}",
  journal = {\apj},
archivePrefix = "arXiv",
   eprint = {1010.0650},
 keywords = {galaxies: abundances, galaxies: active, galaxies: clusters: general, galaxies: clusters: intracluster medium, galaxies: groups: individual: NGC 5044},
     year = 2011,
    month = feb,
   volume = 728,
      eid = {162},
    pages = {162},
      doi = {10.1088/0004-637X/728/2/162},
   adsurl = {http://adsabs.harvard.edu/abs/2011ApJ...728..162D},
  adsnote = {Provided by the SAO/NASA Astrophysics Data System}
}
@ARTICLE{Heinz2002,
   author = {{Heinz}, S.},
    title = "{Radio lobe dynamics and the environment of microquasars}",
  journal = {\aap},
   eprint = {astro-ph/0203295},
 keywords = {galaxies: jets, ISM: jets and outflows, stars: individual: GRS 1915+105, GRO J1655-40},
     year = 2002,
    month = jun,
   volume = 388,
    pages = {L40-L43},
      doi = {10.1051/0004-6361:20020402},
   adsurl = {http://adsabs.harvard.edu/abs/2002A%26A...388L..40H},
  adsnote = {Provided by the SAO/NASA Astrophysics Data System}
}
@ARTICLE{DunnFabian2006,
   author = {{Dunn}, R.~J.~H. and {Fabian}, A.~C.},
    title = "{Investigating AGN heating in a sample of nearby clusters}",
  journal = {\mnras},
   eprint = {astro-ph/0609537},
 keywords = {galaxies: clusters: general, cooling flows, X-rays: galaxies: clusters},
     year = 2006,
    month = dec,
   volume = 373,
    pages = {959-971},
      doi = {10.1111/j.1365-2966.2006.11080.x},
   adsurl = {http://adsabs.harvard.edu/abs/2006MNRAS.373..959D},
  adsnote = {Provided by the SAO/NASA Astrophysics Data System}
}

@ARTICLE{DunnFabian2008,
   author = {{Dunn}, R.~J.~H. and {Fabian}, A.~C.},
    title = "{Investigating heating and cooling in the BCS and B55 cluster samples}",
  journal = {\mnras},
archivePrefix = "arXiv",
   eprint = {0801.1215},
 keywords = {galaxies: clusters: general, clusters: cooling flows, X-rays: galaxies: clusters},
     year = 2008,
    month = apr,
   volume = 385,
    pages = {757-768},
      doi = {10.1111/j.1365-2966.2008.12898.x},
   adsurl = {http://adsabs.harvard.edu/abs/2008MNRAS.385..757D},
  adsnote = {Provided by the SAO/NASA Astrophysics Data System}
}

@INPROCEEDINGS{SandageTammann1981,
   author = {{Sandage}, A. and {Tammann}, G.~A.},
    title = "{Revised Shapley-Ames Catalog of Bright Galaxies}",
booktitle = {Carnegie Inst. of Washington, Publ. 635; Vol. 0; Page 0},
     year = 1981,
   volume = 0,
   adsurl = {http://adsabs.harvard.edu/abs/1981RSA...C...0000S},
  adsnote = {Provided by the SAO/NASA Astrophysics Data System}
}

@ARTICLE{DopitaSutherland1996,
   author = {{Dopita}, M.~A. and {Sutherland}, R.~S.},
    title = "{Spectral Signatures of Fast Shocks. I. Low-Density Model Grid}",
  journal = {\apjs},
 keywords = {MAGNETOHYDRODYNAMICS: MHD, HYDRODYNAMICS, SHOCK WAVES},
     year = 1996,
    month = jan,
   volume = 102,
    pages = {161},
      doi = {10.1086/192255},
   adsurl = {http://adsabs.harvard.edu/abs/1996ApJS..102..161D},
  adsnote = {Provided by the SAO/NASA Astrophysics Data System}
}

@ARTICLE{SSN2005,
   author = {{Smith}, B.~J. and {Struck}, C. and {Nowak}, M.~A.},
    title = "{Chandra X-Ray Imaging of the Interacting Starburst Galaxy System NGC 7714/7715: Tidal Ultraluminous X-Ray Sources, Emergent Wind, and Resolved H II Regions}",
  journal = {\aj},
   eprint = {astro-ph/0412039},
 keywords = {Keywords: Galaxies: Individual: NGC Number: NGC 7714, Galaxies: Individual: NGC Number: NGC 7715, Galaxies: Interactions, Galaxies: Starburst},
     year = 2005,
    month = mar,
   volume = 129,
    pages = {1350-1368},
      doi = {10.1086/427858},
   adsurl = {http://adsabs.harvard.edu/abs/2005AJ....129.1350S},
  adsnote = {Provided by the SAO/NASA Astrophysics Data System}
}

@ARTICLE{Falcke+2004,
   author = {{Falcke}, H. and {K{\"o}rding}, E. and {Markoff}, S.},
    title = "{A scheme to unify low-power accreting black holes. Jet-dominated accretion flows and the radio/X-ray correlation}",
  journal = {\aap},
   eprint = {astro-ph/0305335},
 keywords = {X-rays: binaries, radiation mechanisms: non-thermal, stars: winds, outflows, black hole physics, accretion, accretion disks},
     year = 2004,
    month = feb,
   volume = 414,
    pages = {895-903},
      doi = {10.1051/0004-6361:20031683},
   adsurl = {http://adsabs.harvard.edu/abs/2004A%26A...414..895F},
  adsnote = {Provided by the SAO/NASA Astrophysics Data System}
}
@ARTICLE{Merloni+2003,
   author = {{Merloni}, A. and {Heinz}, S. and {di Matteo}, T.},
    title = "{A Fundamental Plane of black hole activity}",
  journal = {\mnras},
   eprint = {astro-ph/0305261},
 keywords = {accretion, accretion discs, black hole physics, galaxies: active, radio continuum: general, X-rays: binaries, X-rays: general},
     year = 2003,
    month = nov,
   volume = 345,
    pages = {1057-1076},
      doi = {10.1046/j.1365-2966.2003.07017.x},
   adsurl = {http://adsabs.harvard.edu/abs/2003MNRAS.345.1057M},
  adsnote = {Provided by the SAO/NASA Astrophysics Data System}
}
@ARTICLE{BC2006,
   author = {{Balmaverde}, B. and {Capetti}, A.},
    title = "{The host galaxy/AGN connection in nearby early-type galaxies. Is there a miniature radio-galaxy in every ``core'' galaxy?}",
  journal = {\aap},
   eprint = {astro-ph/0510268},
 keywords = {galaxies: active, galaxies: bulges, galaxies: nuclei, galaxies: elliptical and lenticular, cD, galaxies: jets, galaxies: BL Lacertae objects: general},
     year = 2006,
    month = feb,
   volume = 447,
    pages = {97-112},
      doi = {10.1051/0004-6361:20054031},
   adsurl = {http://adsabs.harvard.edu/abs/2006A%26A...447...97B},
  adsnote = {Provided by the SAO/NASA Astrophysics Data System}
}

@ARTICLE{Marconi+2004,
   author = {{Marconi}, A. and {Risaliti}, G. and {Gilli}, R. and {Hunt}, L.~K. and 
	{Maiolino}, R. and {Salvati}, M.},
    title = "{Local supermassive black holes, relics of active galactic nuclei and the X-ray background}",
  journal = {\mnras},
   eprint = {astro-ph/0311619},
 keywords = {black hole physics, galaxies: active, galaxies: evolution, galaxies: nuclei, quasars: general, cosmology: miscellaneous},
     year = 2004,
    month = jun,
   volume = 351,
    pages = {169-185},
      doi = {10.1111/j.1365-2966.2004.07765.x},
   adsurl = {http://adsabs.harvard.edu/abs/2004MNRAS.351..169M},
  adsnote = {Provided by the SAO/NASA Astrophysics Data System}
}
@ARTICLE{Hopkins+2007,
   author = {{Hopkins}, P.~F. and {Richards}, G.~T. and {Hernquist}, L.},
    title = "{An Observational Determination of the Bolometric Quasar Luminosity Function}",
  journal = {\apj},
   eprint = {astro-ph/0605678},
 keywords = {Cosmology: Observations, Galaxies: Active, Galaxies: Evolution, Galaxies: Luminosity Function, Mass Function, Infrared: Galaxies, Galaxies: Quasars: General, Ultraviolet: Galaxies, X-Rays: Galaxies},
     year = 2007,
    month = jan,
   volume = 654,
    pages = {731-753},
      doi = {10.1086/509629},
   adsurl = {http://adsabs.harvard.edu/abs/2007ApJ...654..731H},
  adsnote = {Provided by the SAO/NASA Astrophysics Data System}
}
@ARTICLE{VF2007,
   author = {{Vasudevan}, R.~V. and {Fabian}, A.~C.},
    title = "{Piecing together the X-ray background: bolometric corrections for active galactic nuclei}",
  journal = {\mnras},
archivePrefix = "arXiv",
   eprint = {0708.4308},
 keywords = {black hole physics, galaxies: active, quasars: general, galaxies: Seyfert, X-rays: diffuse background},
     year = 2007,
    month = nov,
   volume = 381,
    pages = {1235-1251},
      doi = {10.1111/j.1365-2966.2007.12328.x},
   adsurl = {http://adsabs.harvard.edu/abs/2007MNRAS.381.1235V},
  adsnote = {Provided by the SAO/NASA Astrophysics Data System}
}

@ARTICLE{Fender+2004,
   author = {{Fender}, R.~P. and {Belloni}, T.~M. and {Gallo}, E.},
    title = "{Towards a unified model for black hole X-ray binary jets}",
  journal = {\mnras},
   eprint = {astro-ph/0409360},
 keywords = {accretion, accretion discs, black hole physics, ISM: jets and outflows, X-rays: binaries},
     year = 2004,
    month = dec,
   volume = 355,
    pages = {1105-1118},
      doi = {10.1111/j.1365-2966.2004.08384.x},
   adsurl = {http://adsabs.harvard.edu/abs/2004MNRAS.355.1105F},
  adsnote = {Provided by the SAO/NASA Astrophysics Data System}
}


@ARTICLE{Allenetal2008,
   author = {{Allen}, M.~G. and {Groves}, B.~A. and {Dopita}, M.~A. and {Sutherland}, R.~S. and 
	{Kewley}, L.~J.},
    title = "{The MAPPINGS III Library of Fast Radiative Shock Models}",
  journal = {\apjs},
archivePrefix = "arXiv",
   eprint = {0805.0204},
 keywords = {galaxies: nuclei, galaxies: Seyfert, hydrodynamics, infrared: ISM, ISM: abundances, shock waves, ultraviolet: ISM, X-rays: ISM},
     year = 2008,
    month = sep,
   volume = 178,
      eid = {20-55},
    pages = {20-55},
      doi = {10.1086/589652},
   adsurl = {http://adsabs.harvard.edu/abs/2008ApJS..178...20A},
  adsnote = {Provided by the SAO/NASA Astrophysics Data System}
}

@ARTICLE{Pedlaretal1998,
   author = {{Pedlar}, A. and {Fernandez}, B. and {Hamilton}, N.~G. and {Redman}, M.~P. and 
	{Dewdney}, P.~E.},
    title = "{Free-free absorption in the Seyfert nucleus of NGC 4151}",
  journal = {\mnras},
 keywords = {GALAXIES: INDIVIDUAL: NGC 4151, GALAXIES: NUCLEI, GALAXIES: SEYFERT, RADIO CONTINUUM: GALAXIES},
     year = 1998,
    month = nov,
   volume = 300,
    pages = {1071-1076},
      doi = {10.1046/j.1365-8711.1998.01985.x},
   adsurl = {http://adsabs.harvard.edu/abs/1998MNRAS.300.1071P},
  adsnote = {Provided by the SAO/NASA Astrophysics Data System}
}
@ARTICLE{LT06,
   author = {{Lenc}, E. and {Tingay}, S.~J.},
    title = "{The Subparsec-Scale Radio Properties of Southern Starburst Galaxies. I. Supernova Remnants, the Supernova Rate, and the Ionized Medium in the NGC 253 Starburst}",
  journal = {\aj},
   eprint = {astro-ph/0606107},
 keywords = {Galaxies: Individual: NGC Number: NGC 253, Galaxies: Starburst, Radiation Mechanisms: General, Stars: Supernovae: General, Techniques: Interferometric},
     year = 2006,
    month = sep,
   volume = 132,
    pages = {1333-1345},
      doi = {10.1086/506475},
   adsurl = {http://adsabs.harvard.edu/abs/2006AJ....132.1333L},
  adsnote = {Provided by the SAO/NASA Astrophysics Data System}
}

@ARTICLE{Tingay2004,
   author = {{Tingay}, S.~J.},
    title = "{A VLBI Study of Free-Free Absorbed Compact Radio Sources in the NGC 253 Starburst}",
  journal = {\aj},
 keywords = {Galaxies: Active, Galaxies: Individual: NGC Number: NGC 253, radiation mechanisms: general, Techniques: Interferometric},
     year = 2004,
    month = jan,
   volume = 127,
    pages = {10-16},
      doi = {10.1086/380234},
   adsurl = {http://adsabs.harvard.edu/abs/2004AJ....127...10T},
  adsnote = {Provided by the SAO/NASA Astrophysics Data System}
}

@ARTICLE{Bicknelletal1997,
   author = {{Bicknell}, G.~V. and {Dopita}, M.~A. and {O'Dea}, C.~P.~O.},
    title = "{Unification of the Radio and Optical Properties of Gigahertz Peak Spectrum and Compact Steep-Spectrum Radio Sources}",
  journal = {\apj},
 keywords = {Radio Continuum: Galaxies},
     year = 1997,
    month = aug,
   volume = 485,
    pages = {112-124},
      doi = {10.1086/304400},
   adsurl = {http://adsabs.harvard.edu/abs/1997ApJ...485..112B},
  adsnote = {Provided by the SAO/NASA Astrophysics Data System}
}

@ARTICLE{Kamenoetal2003,
   author = {{Kameno}, S. and {Inoue}, M. and {Wajima}, K. and {Sawada-Satoh}, S. and 
	{Shen}, Z.-Q.},
    title = "{Free-Free Absorption and the Unified Scheme}",
  journal = {\pasa},
   eprint = {astro-ph/0302256},
 keywords = {galaxies: active, galaxies: nuclei, galaxies: jets, radio continuum: galaxies, techniques: high angular resolution},
     year = 2003,
   volume = 20,
    pages = {213-221},
      doi = {10.1071/AS03037},
   adsurl = {http://adsabs.harvard.edu/abs/2003PASA...20..213K},
  adsnote = {Provided by the SAO/NASA Astrophysics Data System}
}

@ARTICLE{Markoffetal2008,
   author = {{Markoff}, S. and {Nowak}, M. and {Young}, A. and {Marshall}, H.~L. and 
	{Canizares}, C.~R. and {Peck}, A. and {Krips}, M. and {Petitpas}, G. and 
	{Sch{\"o}del}, R. and {Bower}, G.~C. and {Chandra}, P. and {Ray}, A. and 
	{Muno}, M. and {Gallagher}, S. and {Hornstein}, S. and {Cheung}, C.~C.
	},
    title = "{Results from an Extensive Simultaneous Broadband Campaign on the Underluminous Active Nucleus M81*: Further Evidence for Mass-scaling Accretion in Black Holes}",
  journal = {\apj},
archivePrefix = "arXiv",
   eprint = {0804.0344},
 keywords = {accretion, accretion disks, black hole physics, galaxies: active, galaxies: individual: M81, radiation mechanisms: non-thermal },
     year = 2008,
    month = jul,
   volume = 681,
      eid = {905-924},
    pages = {905-924},
      doi = {10.1086/588718},
   adsurl = {http://adsabs.harvard.edu/abs/2008ApJ...681..905M},
  adsnote = {Provided by the SAO/NASA Astrophysics Data System}
}
@ARTICLE{Pian2010,
   author = {{Pian}, E. and {Romano}, P. and {Maoz}, D. and {Cucchiara}, A. and 
	{Pagani}, C. and {Parola}, V.~L.},
    title = "{Variability and spectral energy distributions of low-luminosity active galactic nuclei: a simultaneous X-ray/UV look with Swift}",
  journal = {\mnras},
archivePrefix = "arXiv",
   eprint = {0909.1906},
 primaryClass = "astro-ph.HE",
 keywords = {galaxies: active, galaxies: nuclei, ultraviolet: galaxies, X-rays: galaxies},
     year = 2010,
    month = jan,
   volume = 401,
    pages = {677-686},
      doi = {10.1111/j.1365-2966.2009.15689.x},
   adsurl = {http://adsabs.harvard.edu/abs/2010MNRAS.401..677P},
  adsnote = {Provided by the SAO/NASA Astrophysics Data System}
}
@ARTICLE{Kingetal2016,
   author = {{King}, A.~L. and {Miller}, J.~M. and {Bietenholz}, M. and {G{\"u}ltekin}, K. and 
	{Reynolds}, M.~T. and {Mioduszewski}, A. and {Rupen}, M. and 
	{Bartel}, N.},
    title = "{Discrete knot ejection from the jet in a nearby low-luminosity active galactic nucleus, M81$^{*}$}",
  journal = {Nature Physics},
archivePrefix = "arXiv",
   eprint = {1612.05654},
 primaryClass = "astro-ph.HE",
     year = 2016,
    month = aug,
   volume = 12,
    pages = {772-777},
      doi = {10.1038/nphys3724},
   adsurl = {http://adsabs.harvard.edu/abs/2016NatPh..12..772K},
  adsnote = {Provided by the SAO/NASA Astrophysics Data System}
}
@ARTICLE{Kraft2003,
   author = {{Kraft}, R.~P. and {V{\'a}zquez}, S.~E. and {Forman}, W.~R. and 
	{Jones}, C. and {Murray}, S.~S. and {Hardcastle}, M.~J. and 
	{Worrall}, D.~M. and {Churazov}, E.},
    title = "{X-Ray Emission from the Hot Interstellar Medium and Southwest Radio Lobe of the Nearby Radio Galaxy Centaurus A}",
  journal = {\apj},
   eprint = {astro-ph/0304363},
 keywords = {Galaxies: Active, Galaxies: Individual: Name: Centaurus A, Galaxies: Individual: NGC Number: NGC 5128, Galaxies: ISM, Galaxies: Jets, Radio Continuum: Galaxies, X-Rays: Galaxies},
     year = 2003,
    month = jul,
   volume = 592,
    pages = {129-146},
      doi = {10.1086/375533},
   adsurl = {http://adsabs.harvard.edu/abs/2003ApJ...592..129K},
  adsnote = {Provided by the SAO/NASA Astrophysics Data System}
}


@ARTICLE{Feain2011,
   author = {{Feain}, I.~J. and {Cornwell}, T.~J. and {Ekers}, R.~D. and 
	{Calabretta}, M.~R. and {Norris}, R.~P. and {Johnston-Hollitt}, M. and 
	{Ott}, J. and {Lindley}, E. and {Gaensler}, B.~M. and {Murphy}, T. and 
	{Middelberg}, E. and {Jiraskova}, S. and {O'Sullivan}, S. and 
	{McClure-Griffiths}, N.~M. and {Bland-Hawthorn}, J.},
    title = "{The Radio Continuum Structure of Centaurus A at 1.4 GHz}",
  journal = {\apj},
archivePrefix = "arXiv",
   eprint = {1104.0077},
 keywords = {galaxies: individual: Centaurus A NGC 5128, radio continuum: galaxies, techniques: image processing, techniques: interferometric},
     year = 2011,
    month = oct,
   volume = 740,
      eid = {17},
    pages = {17},
      doi = {10.1088/0004-637X/740/1/17},
   adsurl = {http://adsabs.harvard.edu/abs/2011ApJ...740...17F},
  adsnote = {Provided by the SAO/NASA Astrophysics Data System}
}
@ARTICLE{Kraft2009,
   author = {{Kraft}, R.~P. and {Forman}, W.~R. and {Hardcastle}, M.~J. and 
	{Birkinshaw}, M. and {Croston}, J.~H. and {Jones}, C. and {Nulsen}, P.~E.~J. and 
	{Worrall}, D.~M. and {Murray}, S.~S.},
    title = "{The Jet Heated X-Ray Filament in the Centaurus A Northern Middle Radio Lobe}",
  journal = {\apj},
archivePrefix = "arXiv",
   eprint = {0903.2663},
 primaryClass = "astro-ph.HE",
 keywords = {hydrodynamics, galaxies: individual: Centaurus A NGC 5128, galaxies: jets, X-rays: galaxies},
     year = 2009,
    month = jun,
   volume = 698,
    pages = {2036-2047},
      doi = {10.1088/0004-637X/698/2/2036},
   adsurl = {http://adsabs.harvard.edu/abs/2009ApJ...698.2036K},
  adsnote = {Provided by the SAO/NASA Astrophysics Data System}
}

@ARTICLE{hoetal1997,
   author = {{Ho}, L.~C. and {Filippenko}, A.~V. and {Sargent}, W.~L.~W.},
    title = "{A Search for ``Dwarf'' Seyfert Nuclei. V. Demographics of Nuclear Activity in Nearby Galaxies}",
  journal = {\apj},
   eprint = {astro-ph/9704108},
 keywords = {Galaxies: Active, Galaxies: Nuclei, Galaxies: Seyfert, Galaxies: Starburst, Surveys},
     year = 1997,
    month = oct,
   volume = 487,
    pages = {568-578},
      doi = {10.1086/304638},
   adsurl = {http://adsabs.harvard.edu/abs/1997ApJ...487..568H},
  adsnote = {Provided by the SAO/NASA Astrophysics Data System}
}
@ARTICLE{Kohnoetal2002,
   author = {{Kohno}, K. and {Tosaki}, T. and {Matsushita}, S. and {Vila-Vila{\'o}}, B. and 
	{Shibatsuka}, T. and {Kawabe}, R.},
    title = "{Diffuse and Gravitationally Stable Molecular Gas in the Post-Starburst Galaxy NGC 5195}",
  journal = {\pasj},
   eprint = {astro-ph/0206400},
 keywords = {galaxies: elliptical and lenticular, cD, galaxies: individual (NGC 5195), galaxies: ISM, galaxies: starburst},
     year = 2002,
    month = aug,
   volume = 54,
    pages = {541-553},
      doi = {10.1093/pasj/54.4.541},
   adsurl = {http://adsabs.harvard.edu/abs/2002PASJ...54..541K},
  adsnote = {Provided by the SAO/NASA Astrophysics Data System}
}

@ARTICLE{Page2012,
   author = {{Page}, M.~J. and {Symeonidis}, M. and {Vieira}, J.~D. and {Altieri}, B. and {et al}},
    title = "{The suppression of star formation by powerful active galactic nuclei}",
  journal = {\nat},
archivePrefix = "arXiv",
   eprint = {1310.4147},
 primaryClass = "astro-ph.CO",
     year = 2012,
    month = may,
   volume = 485,
    pages = {213-216},
      doi = {10.1038/nature11096},
   adsurl = {http://adsabs.harvard.edu/abs/2012Natur.485..213P},
  adsnote = {Provided by the SAO/NASA Astrophysics Data System}
}

@ARTICLE{Cornwelletal2008,
   author = {{Cornwell}, T.~J. and {Golap}, K. and {Bhatnagar}, S.},
    title = "{The Noncoplanar Baselines Effect in Radio Interferometry: The W-Projection Algorithm}",
  journal = {IEEE Journal of Selected Topics in Signal Processing},
archivePrefix = "arXiv",
   eprint = {0807.4161},
     year = 2008,
    month = nov,
   volume = 2,
    pages = {647-657},
      doi = {10.1109/JSTSP.2008.2005290},
   adsurl = {http://adsabs.harvard.edu/abs/2008ISTSP...2..647C},
  adsnote = {Provided by the SAO/NASA Astrophysics Data System}
}

@MISC{RB2012,
   author = {{Robitaille}, T. and {Bressert}, E.},
    title = "{APLpy: Astronomical Plotting Library in Python}",
 keywords = {Software},
howpublished = {Astrophysics Source Code Library},
     year = 2012,
    month = aug,
archivePrefix = "ascl",
   eprint = {1208.017},
   adsurl = {http://adsabs.harvard.edu/abs/2012ascl.soft08017R},
  adsnote = {Provided by the SAO/NASA Astrophysics Data System}
}

@ARTICLE{BFM2002,
   author = {{Bower}, G.~C. and {Falcke}, H. and {Mellon}, R.~R.},
    title = "{A Radio Survey for Linear and Circular Polarization in Low-Luminosity Active Galactic Nuclei}",
  journal = {\apjl},
   eprint = {astro-ph/0209123},
 keywords = {Galaxies: Active, Galaxies: Individual: NGC Number: NGC 3031, Polarization, Radiation Mechanisms: Nonthermal, Radio Continuum: Galaxies, Techniques: Polarimetric},
     year = 2002,
    month = oct,
   volume = 578,
    pages = {L103-L106},
      doi = {10.1086/344607},
   adsurl = {http://adsabs.harvard.edu/abs/2002ApJ...578L.103B},
  adsnote = {Provided by the SAO/NASA Astrophysics Data System}
}
@ARTICLE{NWF01,
   author = {{Nagar}, N.~M. and {Wilson}, A.~S. and {Falcke}, H.},
    title = "{Evidence for Jet Domination of the Nuclear Radio Emission in Low-Luminosity Active Galactic Nuclei}",
  journal = {\apjl},
   eprint = {astro-ph/0109493},
 keywords = {Accretion, Accretion Disks, Galaxies: Active, Galaxies: Jets, Galaxies: Nuclei, Radio Continuum: Galaxies, Surveys},
     year = 2001,
    month = oct,
   volume = 559,
    pages = {L87-L90},
      doi = {10.1086/323938},
   adsurl = {http://adsabs.harvard.edu/abs/2001ApJ...559L..87N},
  adsnote = {Provided by the SAO/NASA Astrophysics Data System}
}
@INPROCEEDINGS{GGT2004,
   author = {{Giovannini}, G. and {Giroletti}, M. and {Taylor}, G.~B.},
    title = "{The two sided parsec scale structure of the Low Luminosity Active Galactic Nucleus in NGC 4278}",
booktitle = {European VLBI Network on New Developments in VLBI Science and Technology},
     year = 2004,
   eprint = {astro-ph/0412563},
   editor = {{Bachiller}, R. and {Colomer}, F. and {Desmurs}, J.-F. and {de Vicente}, P.
	},
    pages = {81-84},
   adsurl = {http://adsabs.harvard.edu/abs/2004evn..conf...81G},
  adsnote = {Provided by the SAO/NASA Astrophysics Data System}
}

@ARTICLE{Girolettietal2003,
   author = {{Giroletti}, M. and {Giovannini}, G. and {Taylor}, G.~B. and 
	{Conway}, J.~E. and {Lara}, L. and {Venturi}, T.},
    title = "{Lobe advance velocities in the extragalactic compact symmetric object <ASTROBJ>4C 31.04</ASTROBJ>}",
  journal = {\aap},
   eprint = {astro-ph/0212232},
 keywords = {galaxies: active, galaxies: individual: 4C 31.04, galaxies: nuclei},
     year = 2003,
    month = mar,
   volume = 399,
    pages = {889-897},
      doi = {10.1051/0004-6361:20021821},
   adsurl = {http://adsabs.harvard.edu/abs/2003A%26A...399..889G},
  adsnote = {Provided by the SAO/NASA Astrophysics Data System}
}

@ARTICLE{PT2000,
   author = {{Peck}, A.~B. and {Taylor}, G.~B.},
    title = "{The COINS Sample: VLBA Identifications of Compact Symmetric Objects}",
  journal = {\apj},
   eprint = {astro-ph/9912189},
 keywords = {GALAXIES: ACTIVE, GALAXIES: QUASARS: GENERAL, RADIO CONTINUUM: GALAXIES, SURVEYS},
     year = 2000,
    month = may,
   volume = 534,
    pages = {90-103},
      doi = {10.1086/308746},
   adsurl = {http://adsabs.harvard.edu/abs/2000ApJ...534...90P},
  adsnote = {Provided by the SAO/NASA Astrophysics Data System}
}

@ARTICLE{vandenBosch2016,
   author = {{van den Bosch}, R.~C.~E.},
    title = "{Unification of the fundamental plane and Super Massive Black Hole Masses}",
  journal = {\apj},
archivePrefix = "arXiv",
   eprint = {1606.01246},
 keywords = {catalogs, galaxies: bulges, galaxies: fundamental parameters, galaxies: kinematics and dynamics, gravitation, quasars: supermassive black holes},
     year = 2016,
    month = nov,
   volume = 831,
      eid = {134},
    pages = {134},
      doi = {10.3847/0004-637X/831/2/134},
   adsurl = {http://adsabs.harvard.edu/abs/2016ApJ...831..134V},
  adsnote = {Provided by the SAO/NASA Astrophysics Data System}
}
@ARTICLE{Gultekinetal2009,
   author = {{G{\"u}ltekin}, K. and {Cackett}, E.~M. and {Miller}, J.~M. and 
	{Di Matteo}, T. and {Markoff}, S. and {Richstone}, D.~O.},
    title = "{The Fundamental Plane of Accretion onto Black Holes with Dynamical Masses}",
  journal = {\apj},
archivePrefix = "arXiv",
   eprint = {0906.3285},
 primaryClass = "astro-ph.HE",
 keywords = {black hole physics, galaxies: general, galaxies: nuclei, galaxies: statistics},
     year = 2009,
    month = nov,
   volume = 706,
    pages = {404-416},
      doi = {10.1088/0004-637X/706/1/404},
   adsurl = {http://adsabs.harvard.edu/abs/2009ApJ...706..404G},
  adsnote = {Provided by the SAO/NASA Astrophysics Data System}
}
@ARTICLE{Ho2008,
   author = {{Ho}, L.~C.},
    title = "{Nuclear Activity in Nearby Galaxies}",
  journal = {\araa},
archivePrefix = "arXiv",
   eprint = {0803.2268},
     year = 2008,
    month = sep,
   volume = 46,
    pages = {475-539},
      doi = {10.1146/annurev.astro.45.051806.110546},
   adsurl = {http://adsabs.harvard.edu/abs/2008ARA%26A..46..475H},
  adsnote = {Provided by the SAO/NASA Astrophysics Data System}
}

@ARTICLE{TW2003,
   author = {{Terashima}, Y. and {Wilson}, A.~S.},
    title = "{Chandra Snapshot Observations of Low-Luminosity Active Galactic Nuclei with a Compact Radio Source}",
  journal = {\apj},
   eprint = {astro-ph/0209607},
 keywords = {Accretion, Accretion Disks, Galaxies: Active, Galaxies: Nuclei, Radio Continuum: Galaxies, X-Rays: Galaxies},
     year = 2003,
    month = jan,
   volume = 583,
    pages = {145-158},
      doi = {10.1086/345339},
   adsurl = {http://adsabs.harvard.edu/abs/2003ApJ...583..145T},
  adsnote = {Provided by the SAO/NASA Astrophysics Data System}
}
@ARTICLE{Panessaetal2007,
   author = {{Panessa}, F. and {Barcons}, X. and {Bassani}, L. and {Cappi}, M. and 
	{Carrera}, F.~J. and {Ho}, L.~C. and {Pellegrini}, S.},
    title = "{The X-ray and radio connection in low-luminosity active nuclei}",
  journal = {\aap},
   eprint = {astro-ph/0701546},
 keywords = {accretion, accretion disks, X-rays: galaxies, galaxies: Seyfert, galaxies: nuclei},
     year = 2007,
    month = may,
   volume = 467,
    pages = {519-527},
      doi = {10.1051/0004-6361:20066943},
   adsurl = {http://adsabs.harvard.edu/abs/2007A%26A...467..519P},
  adsnote = {Provided by the SAO/NASA Astrophysics Data System}
}
@ARTICLE{Padovani2016,
   author = {{Padovani}, P.},
    title = "{The faint radio sky: radio astronomy becomes mainstream}",
  journal = {\aapr},
archivePrefix = "arXiv",
   eprint = {1609.00499},
 keywords = {Radio continuum: galaxies, Galaxies: active, Galaxies: starburst, Quasars: general, Galaxies: statistics, Surveys},
     year = 2016,
    month = sep,
   volume = 24,
      eid = {13},
    pages = {13},
      doi = {10.1007/s00159-016-0098-6},
   adsurl = {http://adsabs.harvard.edu/abs/2016A%26ARv..24...13P},
  adsnote = {Provided by the SAO/NASA Astrophysics Data System}
}

@ARTICLE{MH07,
   author = {{Merloni}, A. and {Heinz}, S.},
    title = "{Measuring the kinetic power of active galactic nuclei in the radio mode}",
  journal = {\mnras},
archivePrefix = "arXiv",
   eprint = {0707.3356},
 keywords = {accretion, accretion discs, black hole physics, galaxies: active, galaxies: evolution, quasars: general},
     year = 2007,
    month = oct,
   volume = 381,
    pages = {589-601},
      doi = {10.1111/j.1365-2966.2007.12253.x},
   adsurl = {http://adsabs.harvard.edu/abs/2007MNRAS.381..589M},
  adsnote = {Provided by the SAO/NASA Astrophysics Data System}
}

@ARTICLE{Krips+2007,
   author = {{Krips}, M. and {Eckart}, A. and {Krichbaum}, T.~P. and {Pott}, J.-U. and 
	{Leon}, S. and {Neri}, R. and {Garc{\'{\i}}a-Burillo}, S. and 
	{Combes}, F. and {Boone}, F. and {Baker}, A.~J. and {Tacconi}, L.~J. and 
	{Schinnerer}, E. and {Hunt}, L.~K.},
    title = "{NUclei of GAlaxies. V. Radio emission in 7 NUGA sources}",
  journal = {\aap},
   eprint = {astro-ph/0612772},
 keywords = {galaxies: active, galaxies: Seyfert, galaxies: nuclei, galaxies: jets, radio, continuum: galaxies},
     year = 2007,
    month = mar,
   volume = 464,
    pages = {553-563},
      doi = {10.1051/0004-6361:20065037},
   adsurl = {http://adsabs.harvard.edu/abs/2007A%26A...464..553K},
  adsnote = {Provided by the SAO/NASA Astrophysics Data System}
}
@ARTICLE{BF2011,
   author = {{Broderick}, J.~W. and {Fender}, R.~P.},
    title = "{Is there really a dichotomy in active galactic nucleus jet power?}",
  journal = {\mnras},
archivePrefix = "arXiv",
   eprint = {1105.3769},
 keywords = {accretion, accretion discs, black hole physics, galaxies: active, galaxies: jets, galaxies: nuclei, radio continuum: galaxies},
     year = 2011,
    month = oct,
   volume = 417,
    pages = {184-197},
      doi = {10.1111/j.1365-2966.2011.19060.x},
   adsurl = {http://adsabs.harvard.edu/abs/2011MNRAS.417..184B},
  adsnote = {Provided by the SAO/NASA Astrophysics Data System}
}

@ARTICLE{GS2016,
   author = {{Godfrey}, L.~E.~H. and {Shabala}, S.~S.},
    title = "{Mutual distance dependence drives the observed jet-power-radio-luminosity scaling relations in radio galaxies}",
  journal = {\mnras},
archivePrefix = "arXiv",
   eprint = {1511.06007},
 keywords = {galaxies: active, galaxies: jets, radio continuum: galaxies},
     year = 2016,
    month = feb,
   volume = 456,
    pages = {1172-1184},
      doi = {10.1093/mnras/stv2712},
   adsurl = {http://adsabs.harvard.edu/abs/2016MNRAS.456.1172G},
  adsnote = {Provided by the SAO/NASA Astrophysics Data System}
}
@ARTICLE{FR74,
   author = {{Fanaroff}, B.~L. and {Riley}, J.~M.},
    title = "{The morphology of extragalactic radio sources of high and low luminosity}",
  journal = {\mnras},
     year = 1974,
    month = may,
   volume = 167,
    pages = {31P-36P},
      doi = {10.1093/mnras/167.1.31P},
   adsurl = {http://adsabs.harvard.edu/abs/1974MNRAS.167P..31F},
  adsnote = {Provided by the SAO/NASA Astrophysics Data System}
}

@BOOK{OF2006,
   author = {{Osterbrock}, D.~E. and {Ferland}, G.~J.},
    title = "{Astrophysics of gaseous nebulae and active galactic nuclei}",
 keywords = {GASEOUS NEBULAE, PHOTOIONIZATION, THERMAL EQUILIBRIUM, EMISSION SPECTRA, INTERSTELLAR DUST, H II REGIONS, PLANETARY NEBULAE, SUPERNOVA REMNANTS, ACTIVE GALACTIC NUCLEI},
booktitle = {Astrophysics of gaseous nebulae and active galactic nuclei, 2nd.~ed.~by D.E.~Osterbrock and G.J.~Ferland.~Sausalito, CA: University Science Books, 2006},
     year = 2006,
   adsurl = {http://adsabs.harvard.edu/abs/2006agna.book.....O},
  adsnote = {Provided by the SAO/NASA Astrophysics Data System}
}

@ARTICLE{Alataloetal2016,
   author = {{Alatalo}, K. and {Aladro}, R. and {Nyland}, K. and {Aalto}, S. and 
	{Bitsakis}, T. and {Gallagher}, J.~S. and {Lanz}, L.},
    title = "{After the Interaction: an Efficiently Star-forming Molecular Disk in NGC 5195}",
  journal = {\apj},
archivePrefix = "arXiv",
   eprint = {1606.07809},
 keywords = {galaxies: elliptical and lenticular, cD, galaxies: individual: NGC 5195, galaxies: interactions, galaxies: ISM, radio lines: galaxies},
     year = 2016,
    month = oct,
   volume = 830,
      eid = {137},
    pages = {137},
      doi = {10.3847/0004-637X/830/2/137},
   adsurl = {http://adsabs.harvard.edu/abs/2016ApJ...830..137A},
  adsnote = {Provided by the SAO/NASA Astrophysics Data System}
}
@ARTICLE{Mentuchetal2012,
   author = {{Mentuch Cooper}, E. and {Wilson}, C.~D. and {Foyle}, K. and 
	{Bendo}, G. and {Koda}, J. and {Baes}, M. and {Boquien}, M. and 
	{Boselli}, A. and {Ciesla}, L. and {Cooray}, A. and {Eales}, S. and 
	{Galametz}, M. and {Lebouteiller}, V. and {Parkin}, T. and {Roussel}, H. and 
	{Sauvage}, M. and {Spinoglio}, L. and {Smith}, M.~W.~L.},
    title = "{Spatially Resolved Stellar, Dust, and Gas Properties of the Post-interacting Whirlpool Galaxy System}",
  journal = {\apj},
archivePrefix = "arXiv",
   eprint = {1206.2989},
 keywords = {galaxies: fundamental parameters, galaxies: general, galaxies: individual: M51a/M51b, galaxies: stellar content, infrared: galaxies, techniques: photometric},
     year = 2012,
    month = aug,
   volume = 755,
      eid = {165},
    pages = {165},
      doi = {10.1088/0004-637X/755/2/165},
   adsurl = {http://adsabs.harvard.edu/abs/2012ApJ...755..165M},
  adsnote = {Provided by the SAO/NASA Astrophysics Data System}
}
@ARTICLE{Dobbsetal2010,
   author = {{Dobbs}, C.~L. and {Theis}, C. and {Pringle}, J.~E. and {Bate}, M.~R.
	},
    title = "{Simulations of the grand design galaxy M51: a case study for analysing tidally induced spiral structure}",
  journal = {\mnras},
archivePrefix = "arXiv",
   eprint = {0912.1201},
 keywords = {hydrodynamics, ISM: clouds, galaxies: ISM, galaxies: kinematics and dynamics, galaxies: spiral, galaxies: structure},
     year = 2010,
    month = apr,
   volume = 403,
    pages = {625-645},
      doi = {10.1111/j.1365-2966.2009.16161.x},
   adsurl = {http://adsabs.harvard.edu/abs/2010MNRAS.403..625D},
  adsnote = {Provided by the SAO/NASA Astrophysics Data System}
}

@ARTICLE{Sutherland_Dopita2017,
   author = {{Sutherland}, R.~S. and {Dopita}, M.~A.},
    title = "{Effects of Preionization in Radiative Shocks. I. Self-consistent Models}",
  journal = {\apjs},
archivePrefix = "arXiv",
   eprint = {1702.07453},
 primaryClass = "astro-ph.IM",
 keywords = {atomic data, atomic processes, radiative transfer, shock waves},
     year = 2017,
    month = apr,
   volume = 229,
      eid = {34},
    pages = {34},
      doi = {10.3847/1538-4365/aa6541},
   adsurl = {http://adsabs.harvard.edu/abs/2017ApJS..229...34S},
  adsnote = {Provided by the SAO/NASA Astrophysics Data System}
}


@MISC{Haless12_soft,
   author = {{Hales}, C.~A. and {Murphy}, T. and {Curran}, J.~R. and {Middelberg}, E. and 
	{Gaensler}, B.~M. and {Norris}, R.~P.},
    title = "{BLOBCAT: Software to Catalog Blobs}",
 keywords = {Software },
howpublished = {Astrophysics Source Code Library},
     year = 2012,
    month = aug,
archivePrefix = "ascl",
   eprint = {1208.009},
   adsurl = {http://adsabs.harvard.edu/abs/2012ascl.soft08009H},
  adsnote = {Provided by the SAO/NASA Astrophysics Data System}
}

@ARTICLE{Hales2012_paper,
   author = {{Hales}, C.~A. and {Murphy}, T. and {Curran}, J.~R. and {Middelberg}, E. and 
	{Gaensler}, B.~M. and {Norris}, R.~P.},
    title = "{BLOBCAT: software to catalogue flood-filled blobs in radio images of total intensity and linear polarization}",
  journal = {\mnras},
archivePrefix = "arXiv",
   eprint = {1205.5313},
 primaryClass = "astro-ph.IM",
 keywords = {methods: data analysis, methods: statistical, techniques: image processing, techniques: polarimetric Surveys, catalogues, surveys },
     year = 2012,
    month = sep,
   volume = 425,
    pages = {979-996},
      doi = {10.1111/j.1365-2966.2012.21373.x},
   adsurl = {http://adsabs.harvard.edu/abs/2012MNRAS.425..979H},
  adsnote = {Provided by the SAO/NASA Astrophysics Data System}
}

@book{magnenat2012computer,
  title={agnenat-Thalmann N., Thalmann D., eds, Proc. Graphics Interface '85. Springer-Verlag, Tokyo, p. 56},
  author={Fishkin K. P., Barsky B. A.},
  isbn={9784431680338},
  url={https://books.google.co.uk/books?id=Td-oCAAAQBAJ},
  year={1985},
  publisher={Springer Japan}
}
@ARTICLE{Condon1992,
   author = {{Condon}, J.~J.},
    title = "{Radio emission from normal galaxies}",
  journal = {\araa},
 keywords = {Cosmic Rays, Radio Emission, Radio Sources (Astronomy), Star Formation, Starburst Galaxies, Synchrotron Radiation, Black Holes (Astronomy), H Ii Regions, Infrared Radiation, Relativistic Particles},
     year = 1992,
   volume = 30,
    pages = {575-611},
      doi = {10.1146/annurev.aa.30.090192.003043},
   adsurl = {http://adsabs.harvard.edu/abs/1992ARA%26A..30..575C},
  adsnote = {Provided by the SAO/NASA Astrophysics Data System}
}

@ARTICLE{Garrett2001,
   author = {{Garrett}, M.~A. and {Muxlow}, T.~W.~B. and {Garrington}, S.~T. and 
	{Alef}, W. and {Alberdi}, A. and {van Langevelde}, H.~J. and 
	{Venturi}, T. and {Polatidis}, A.~G. and {Kellermann}, K.~I. and 
	{Baan}, W.~A. and {Kus}, A. and {Wilkinson}, P.~N. and {Richards}, A.~M.~S.
	},
    title = "{AGN and starbursts at high redshift: High resolution EVN radio observations of the Hubble Deep Field}",
  journal = {\aap},
   eprint = {astro-ph/0102037},
 keywords = {GALAXIES: ACTIVE, GALAXIES: RADIO CONTINUUM, GALAXIES: STARBURST},
     year = 2001,
    month = feb,
   volume = 366,
    pages = {L5-L8},
      doi = {10.1051/0004-6361:20000537},
   adsurl = {http://adsabs.harvard.edu/abs/2001A%26A...366L...5G},
  adsnote = {Provided by the SAO/NASA Astrophysics Data System}
}

@ARTICLE{Smithetal1998,
   author = {{Smith}, H.~E. and {Lonsdale}, C.~J. and {Lonsdale}, C.~J. and 
	{Diamond}, P.~J.},
    title = "{A Starburst Revealed---Luminous Radio Supernovae in the Nuclei of ARP 220}",
  journal = {\apjl},
 keywords = {GALAXIES: ACTIVE, INFRARED: GALAXIES, RADIO CONTINUUM: GALAXIES, Galaxies: Active, Infrared: Galaxies, Radio Continuum: Galaxies},
     year = 1998,
    month = jan,
   volume = 493,
    pages = {L17-L21},
      doi = {10.1086/311122},
   adsurl = {http://adsabs.harvard.edu/abs/1998ApJ...493L..17S},
  adsnote = {Provided by the SAO/NASA Astrophysics Data System}
}
@ARTICLE{Broosetal2010,
   author = {{Broos}, P.~S. and {Townsley}, L.~K. and {Feigelson}, E.~D. and 
	{Getman}, K.~V. and {Bauer}, F.~E. and {Garmire}, G.~P.},
    title = "{Innovations in the Analysis of Chandra-ACIS Observations}",
  journal = {\apj},
archivePrefix = "arXiv",
   eprint = {1003.2397},
 primaryClass = "astro-ph.HE",
 keywords = {methods: data analysis, methods: statistical, techniques: image processing, X-rays: general},
     year = 2010,
    month = may,
   volume = 714,
    pages = {1582-1605},
      doi = {10.1088/0004-637X/714/2/1582},
   adsurl = {http://adsabs.harvard.edu/abs/2010ApJ...714.1582B},
  adsnote = {Provided by the SAO/NASA Astrophysics Data System}
}


@ARTICLE{Murrayetal1995,
   author = {{Murray}, N. and {Chiang}, J. and {Grossman}, S.~A. and {Voit}, G.~M.
	},
    title = "{Accretion Disk Winds from Active Galactic Nuclei}",
  journal = {\apj},
 keywords = {ACCRETION, ACCRETION DISKS, GALAXIES: NUCLEI, GALAXIES: QUASARS: ABSORPTION LINES},
     year = 1995,
    month = oct,
   volume = 451,
    pages = {498},
      doi = {10.1086/176238},
   adsurl = {http://adsabs.harvard.edu/abs/1995ApJ...451..498M},
  adsnote = {Provided by the SAO/NASA Astrophysics Data System}
}
@ARTICLE{Steenbruggeetal2011,
   author = {{Steenbrugge}, K.~C. and {Jolley}, E.~J.~D. and {Kuncic}, Z. and 
	{Blundell}, K.~M.},
    title = "{Radio and X-ray emission from disc winds in radio-quiet quasars}",
  journal = {\mnras},
archivePrefix = "arXiv",
   eprint = {1012.4741},
 keywords = {plasmas, quasars: general, radio continuum: galaxies, X-rays: galaxies},
     year = 2011,
    month = may,
   volume = 413,
    pages = {1735-1743},
      doi = {10.1111/j.1365-2966.2011.18249.x},
   adsurl = {http://adsabs.harvard.edu/abs/2011MNRAS.413.1735S},
  adsnote = {Provided by the SAO/NASA Astrophysics Data System}
}
